<?xml version="1.0" encoding="UTF-8" standalone="no"?>
<?xml-stylesheet type="text/xsl" href="/webservices/catalog/xsl/searchRetrieveResponse.xsl"?>

<searchRetrieveResponse xmlns="http://www.loc.gov/zing/srw/" xmlns:oclcterms="http://purl.org/oclc/terms/" xmlns:dc="http://purl.org/dc/elements/1.1/" xmlns:diag="http://www.loc.gov/zing/srw/diagnostic/" xmlns:xsi="http://www.w3.org/2001/XMLSchema-instance">
<version>1.1</version>
<numberOfRecords>10923</numberOfRecords>
<records>
<record>
<recordSchema>info:srw/schema/1/marcxml</recordSchema>
<recordPacking>xml</recordPacking>
<recordData>
<record xmlns="http://www.loc.gov/MARC21/slim">
    <leader>00000cam a2200000Ia 4500</leader>
    <controlfield tag="001">187312314</controlfield>
    <controlfield tag="006">m        d        </controlfield>
    <controlfield tag="007">cr cn|||||||||</controlfield>
    <controlfield tag="008">080104s2007    ne      ob    001 0 eng d</controlfield>
    <controlfield tag="009">53720</controlfield>
    <datafield ind1=" " ind2=" " tag="040">
      <subfield code="a">GW5XE</subfield>
      <subfield code="c">GW5XE</subfield>
      <subfield code="d">GW5XE</subfield>
      <subfield code="d">YDXCP</subfield>
      <subfield code="d">TEX</subfield>
    </datafield>
    <datafield ind1=" " ind2=" " tag="020">
      <subfield code="a">9781402052149</subfield>
    </datafield>
    <datafield ind1=" " ind2=" " tag="020">
      <subfield code="a">1402052146</subfield>
    </datafield>
    <datafield ind1="1" ind2=" " tag="029">
      <subfield code="a">AU@</subfield>
      <subfield code="b">000042133858</subfield>
    </datafield>
    <datafield ind1=" " ind2=" " tag="037">
      <subfield code="a">978-1-4020-5213-2</subfield>
      <subfield code="b">Springer</subfield>
      <subfield code="n">http://www.springerlink.com</subfield>
    </datafield>
    <datafield ind1="1" ind2="4" tag="050">
      <subfield code="a">RA427.25</subfield>
      <subfield code="b">.D47 2007eb</subfield>
    </datafield>
    <datafield ind1="1" ind2="4" tag="060">
      <subfield code="a">2007 F-152</subfield>
    </datafield>
    <datafield ind1="1" ind2="4" tag="060">
      <subfield code="a">WA 21</subfield>
      <subfield code="b">D394e 2007</subfield>
    </datafield>
    <datafield ind1="0" ind2="4" tag="082">
      <subfield code="a">174.2</subfield>
      <subfield code="2">22</subfield>
    </datafield>
    <datafield ind1="1" ind2=" " tag="100">
      <subfield code="a">Denier, Yvonne.</subfield>
    </datafield>
    <datafield ind1="1" ind2="0" tag="245">
      <subfield code="a">Efficiency, justice, and care</subfield>
      <subfield code="h">[electronic resource] :</subfield>
      <subfield code="b">philosophical reflections on scarcity in health care /</subfield>
      <subfield code="c">Yvonne Denier.</subfield>
    </datafield>
    <datafield ind1=" " ind2=" " tag="260">
      <subfield code="a">Dordrecht :</subfield>
      <subfield code="b">Springer,</subfield>
      <subfield code="c">c2007.</subfield>
    </datafield>
    <datafield ind1=" " ind2=" " tag="300">
      <subfield code="a">xvii, 301 p.</subfield>
    </datafield>
    <datafield ind1="1" ind2=" " tag="490">
      <subfield code="a">International library of ethics, law, and the new medicine ;</subfield>
      <subfield code="v">v. 33</subfield>
    </datafield>
    <datafield ind1=" " ind2=" " tag="533">
      <subfield code="a">Electronic reproduction.</subfield>
      <subfield code="b">New York :</subfield>
      <subfield code="c">Springer,</subfield>
      <subfield code="d">2007.</subfield>
      <subfield code="n">Mode of access: World Wide Web.</subfield>
      <subfield code="n">System requirements: Web browser.</subfield>
      <subfield code="n">Title from title screen (viewed on Dec. 13, 2007).</subfield>
      <subfield code="n">Access may be restricted to users at subscribing institutions.</subfield>
    </datafield>
    <datafield ind1=" " ind2=" " tag="504">
      <subfield code="a">Includes bibliographical references (p. 285-295) and index.</subfield>
    </datafield>
    <datafield ind1="1" ind2="2" tag="650">
      <subfield code="a">Public Health</subfield>
      <subfield code="x">ethics.</subfield>
    </datafield>
    <datafield ind1="2" ind2="2" tag="650">
      <subfield code="a">Health Services Accessibility.</subfield>
    </datafield>
    <datafield ind1="2" ind2="2" tag="650">
      <subfield code="a">Prejudice.</subfield>
    </datafield>
    <datafield ind1="2" ind2="2" tag="650">
      <subfield code="a">Social Justice.</subfield>
    </datafield>
    <datafield ind1=" " ind2="0" tag="650">
      <subfield code="a">Public health</subfield>
      <subfield code="x">Moral and ethical aspects.</subfield>
    </datafield>
    <datafield ind1=" " ind2="0" tag="650">
      <subfield code="a">Health services accessibility.</subfield>
    </datafield>
    <datafield ind1=" " ind2="0" tag="650">
      <subfield code="a">Discrimination in medical care.</subfield>
    </datafield>
    <datafield ind1=" " ind2="0" tag="650">
      <subfield code="a">Social justice.</subfield>
    </datafield>
    <datafield ind1=" " ind2="7" tag="655">
      <subfield code="a">Electronic books.</subfield>
      <subfield code="2">local</subfield>
    </datafield>
    <datafield ind1="1" ind2=" " tag="776">
      <subfield code="c">Original</subfield>
      <subfield code="z">9781402052132</subfield>
      <subfield code="z">1402052138</subfield>
      <subfield code="z">9781402052149</subfield>
      <subfield code="z">1402052146</subfield>
      <subfield code="w">(OCoLC)74968032</subfield>
    </datafield>
    <datafield ind1="2" ind2=" " tag="710">
      <subfield code="a">SpringerLink (Online service)</subfield>
    </datafield>
    <datafield ind1=" " ind2="0" tag="830">
      <subfield code="a">International library of ethics, law, and the new medicine ;</subfield>
      <subfield code="v">v. 33.</subfield>
    </datafield>
    <datafield ind1="4" ind2="0" tag="856">
      <subfield code="3">SpringerLink</subfield>
      <subfield code="u">http://dx.doi.org/10.1007/978-1-4020-5214-9</subfield>
      <subfield code="z">An electronic book accessible through the World Wide Web; click for information</subfield>
    </datafield>
    <datafield ind1=" " ind2=" " tag="938">
      <subfield code="a">YBP Library Services</subfield>
      <subfield code="b">YANK</subfield>
      <subfield code="n">2593768</subfield>
    </datafield>
  </record>
</recordData>
</record>