
<record>
<recordSchema>info:srw/schema/1/marcxml</recordSchema>
<recordPacking>xml</recordPacking>
<recordData>
<record xmlns="http://www.loc.gov/MARC21/slim">
    <leader>00000ctm a2200000Ka 4500</leader>
    <controlfield tag="001">642838992</controlfield>
    <controlfield tag="006">m        d        </controlfield>
    <controlfield tag="007">cr bn||||auauu</controlfield>
    <controlfield tag="008">100622s2007    xxu     obm   000 0 eng d</controlfield>
    <controlfield tag="009">1499</controlfield>
    <datafield ind1=" " ind2=" " tag="040">
      <subfield code="a">CFT</subfield>
      <subfield code="c">CFT</subfield>
      <subfield code="d">CFT</subfield>
    </datafield>
    <datafield ind1=" " ind2=" " tag="090">
      <subfield code="a">RD763</subfield>
      <subfield code="b">.C767 2007</subfield>
    </datafield>
    <datafield ind1="1" ind2=" " tag="100">
      <subfield code="a">Crosland, J. Grady.</subfield>
    </datafield>
    <datafield ind1="1" ind2="4" tag="245">
      <subfield code="a">The separation of craniopagus conjoined twins :</subfield>
      <subfield code="b">a bioethical analysis</subfield>
      <subfield code="h">[electronic resource] /</subfield>
      <subfield code="c">by J. Grady Crosland.</subfield>
    </datafield>
    <datafield ind1=" " ind2=" " tag="260">
      <subfield code="c">2007.</subfield>
    </datafield>
    <datafield ind1=" " ind2=" " tag="300">
      <subfield code="a">vii, 71 leaves ;</subfield>
      <subfield code="c">28 cm.</subfield>
    </datafield>
    <datafield ind1=" " ind2=" " tag="502">
      <subfield code="a">Thesis (M.A.) -- Reformed Theological Seminary, Virtual Campus, 2007.</subfield>
    </datafield>
    <datafield ind1=" " ind2=" " tag="504">
      <subfield code="a">Includes bibliographical references.</subfield>
    </datafield>
    <datafield ind1="3" ind2=" " tag="520">
      <subfield code="a">A particular medical case involving the separation of craniopagus conjoined twins is chronicled and an ethical analysis of the decision to undertake the operation is offered. A general review of different schools of ethics and their history is provided. A review of the history of medical ethics and its precepts as understood in the present culture and its application to the case under examination is also proffered. The purposes of medicine are discussed referencing professional medical societies and contemporary bioethicists. The church's history with respect to medicine and a discussion of anthropology complete the background for formulating a philosophical grid of ethical judgment. Lastly, a review of the medical literature reveals technical advances as well as insight into the ethical thinking of those who are involved with the actual separation of conjoined twins. The roles of the hospital Ethics Committee and the hospital chaplain's within that committee are addressed. This case can be utilized by medical students, physicians, medical ethicists, seminary students and professors of practical theology to examine a particular, rare and complex situation to reveal many different aspects to be considered in developing their personal medical ethics. The fact that the results of the surgery were the "best case" scenario sought by the operating team is not a de facto affirmation of its ethical process.</subfield>
    </datafield>
    <datafield ind1=" " ind2=" " tag="533">
      <subfield code="a">Electronic reproduction.</subfield>
      <subfield code="b">Portland, Ore. :</subfield>
      <subfield code="c">Theological Research Exchange Network,</subfield>
      <subfield code="d">2009.</subfield>
      <subfield code="f">(Theological Research Exchange Network ; 083-0034).</subfield>
      <subfield code="n">Available via World Wide Web.</subfield>
      <subfield code="n">Access may be limited to Theological Research Exchange Network affiliated libraries.</subfield>
      <subfield code="n">System requirements: Adobe Acrobat Reader.</subfield>
      <subfield code="n">User name and password required.</subfield>
      <subfield code="n">Electronic text (PDF).</subfield>
      <subfield code="n">Also available in print or microfiche.</subfield>
    </datafield>
    <datafield ind1=" " ind2=" " tag="539">
      <subfield code="a">s</subfield>
      <subfield code="b">2009</subfield>
      <subfield code="d">oru</subfield>
      <subfield code="e">n</subfield>
      <subfield code="g">s</subfield>
    </datafield>
    <datafield ind1=" " ind2="0" tag="650">
      <subfield code="a">Conjoined twins.</subfield>
    </datafield>
    <datafield ind1=" " ind2="0" tag="650">
      <subfield code="a">Skull</subfield>
      <subfield code="x">Abnormalities</subfield>
      <subfield code="x">Surgery.</subfield>
    </datafield>
    <datafield ind1=" " ind2="0" tag="650">
      <subfield code="a">Medical ethics.</subfield>
    </datafield>
    <datafield ind1="2" ind2=" " tag="710">
      <subfield code="a">Theological Research Exchange Network.</subfield>
    </datafield>
    <datafield ind1=" " ind2="0" tag="830">
      <subfield code="a">Theological Research Exchange Network (Series) ;</subfield>
      <subfield code="v">083-0034</subfield>
    </datafield>
    <datafield ind1="4" ind2=" " tag="856">
      <subfield code="u">http://www.tren.com/search.cfm?p083-0034</subfield>
      <subfield code="z">Theological Research Exchange Network (TREN)</subfield>
    </datafield>
    <datafield ind1="4" ind2="2" tag="856">
      <subfield code="u">http://www.tren.com</subfield>
      <subfield code="z">Theological Research Exchange Network (TREN) Access this title online</subfield>
    </datafield>
    <datafield ind1="4" ind2=" " tag="856">
      <subfield code="u">http://dx.doi.org/10.2986/tren.083-0034</subfield>
    </datafield>
  </record>
</recordData>
</record>