
<record>
<recordSchema>info:srw/schema/1/marcxml</recordSchema>
<recordPacking>xml</recordPacking>
<recordData>
<record xmlns="http://www.loc.gov/MARC21/slim">
    <leader>00000cam a2200000Ia 4500</leader>
    <controlfield tag="001">432044712</controlfield>
    <controlfield tag="006">m        d        </controlfield>
    <controlfield tag="007">cr cnu---unuuu</controlfield>
    <controlfield tag="008">090820s2009    fluab   ob    101 0 eng d</controlfield>
    <datafield ind1=" " ind2=" " tag="040">
      <subfield code="a">N$T</subfield>
      <subfield code="b">eng</subfield>
      <subfield code="c">N$T</subfield>
      <subfield code="d">CDX</subfield>
      <subfield code="d">OCLCQ</subfield>
      <subfield code="d">YDXCP</subfield>
      <subfield code="d">CUS</subfield>
      <subfield code="d">IDEBK</subfield>
    </datafield>
    <datafield ind1=" " ind2=" " tag="020">
      <subfield code="a">9780203875438 (electronic bk.)</subfield>
    </datafield>
    <datafield ind1=" " ind2=" " tag="020">
      <subfield code="a">0203875435 (electronic bk.)</subfield>
    </datafield>
    <datafield ind1=" " ind2="4" tag="050">
      <subfield code="a">TD201</subfield>
      <subfield code="b">.M3752 2007eb</subfield>
    </datafield>
    <datafield ind1="0" ind2="4" tag="082">
      <subfield code="a">178</subfield>
      <subfield code="2">22</subfield>
    </datafield>
    <datafield ind1="2" ind2=" " tag="111">
      <subfield code="a">Marcelino Botín Water Forum</subfield>
      <subfield code="n">(3rd :</subfield>
      <subfield code="d">2007 :</subfield>
      <subfield code="c">Santander, Spain)</subfield>
    </datafield>
    <datafield ind1="1" ind2="0" tag="245">
      <subfield code="a">Water ethics</subfield>
      <subfield code="h">[electronic resource] /</subfield>
      <subfield code="c">editors, M. Ramón Llamas, Luis Martínez-Cortina, Aditi Mukherji.</subfield>
    </datafield>
    <datafield ind1=" " ind2=" " tag="260">
      <subfield code="a">Boca Raton [Fla.] ;</subfield>
      <subfield code="a">London :</subfield>
      <subfield code="b">CRC Press,</subfield>
      <subfield code="a">London :</subfield>
      <subfield code="b">CRC Press,</subfield>
      <subfield code="c">c2009.</subfield>
    </datafield>
    <datafield ind1=" " ind2=" " tag="300">
      <subfield code="a">1 online resource (xxvi, 353 p.) :</subfield>
      <subfield code="b">ill., maps</subfield>
    </datafield>
    <datafield ind1=" " ind2=" " tag="500">
      <subfield code="a">"A Balkema book."</subfield>
    </datafield>
    <datafield ind1=" " ind2=" " tag="500">
      <subfield code="a">Papers from the 3rd Marcelino Botín Foundation Water Workshop, June 12-14, 2007, Santander, Spain.</subfield>
    </datafield>
    <datafield ind1=" " ind2=" " tag="504">
      <subfield code="a">Includes bibliographical references and indexes.</subfield>
    </datafield>
    <datafield ind1=" " ind2=" " tag="500">
      <subfield code="a">Description based on print version record.</subfield>
    </datafield>
    <datafield ind1=" " ind2="0" tag="650">
      <subfield code="a">Water-supply</subfield>
      <subfield code="x">Government policy</subfield>
      <subfield code="v">Congresses.</subfield>
    </datafield>
    <datafield ind1=" " ind2="0" tag="650">
      <subfield code="a">Water resources development</subfield>
      <subfield code="x">Moral and ethical aspects</subfield>
      <subfield code="v">Congresses.</subfield>
    </datafield>
    <datafield ind1=" " ind2="0" tag="650">
      <subfield code="a">Water and civilization</subfield>
      <subfield code="v">Congresses.</subfield>
    </datafield>
    <datafield ind1=" " ind2="0" tag="650">
      <subfield code="a">Water rights</subfield>
      <subfield code="v">Congresses.</subfield>
    </datafield>
    <datafield ind1=" " ind2="0" tag="650">
      <subfield code="a">Poor</subfield>
      <subfield code="x">Health and hygiene</subfield>
      <subfield code="v">Congresses.</subfield>
    </datafield>
    <datafield ind1=" " ind2="0" tag="650">
      <subfield code="a">Basic needs</subfield>
      <subfield code="v">Congresses.</subfield>
    </datafield>
    <datafield ind1=" " ind2="7" tag="655">
      <subfield code="a">Electronic books.</subfield>
      <subfield code="2">local</subfield>
    </datafield>
    <datafield ind1="1" ind2=" " tag="700">
      <subfield code="a">Llamas, Manuel Ramón.</subfield>
    </datafield>
    <datafield ind1="1" ind2=" " tag="700">
      <subfield code="a">Martínez-Cortina, Luis.</subfield>
    </datafield>
    <datafield ind1="1" ind2=" " tag="700">
      <subfield code="a">Martínez-Cortina, Luis.</subfield>
    </datafield>
    <datafield ind1="1" ind2=" " tag="700">
      <subfield code="a">Mukherji, Aditi.</subfield>
    </datafield>
    <datafield ind1="2" ind2=" " tag="710">
      <subfield code="a">Fundación Marcelino Botín.</subfield>
    </datafield>
    <datafield ind1="0" ind2="8" tag="776">
      <subfield code="i">Print version:</subfield>
      <subfield code="a">Marcelino Botín Foundation Water Workshop (3rd : 2007 : Santander, Spain).</subfield>
      <subfield code="t">Water ethics.</subfield>
      <subfield code="d">Boca Raton [Fla.] ; London : CRC Press, c2009</subfield>
      <subfield code="z">9780415473033</subfield>
      <subfield code="z">0415473039</subfield>
      <subfield code="z">9780203875438</subfield>
      <subfield code="z">0203875435</subfield>
      <subfield code="w">(DLC)  2008055356</subfield>
      <subfield code="w">(OCoLC)264021897</subfield>
    </datafield>
    <datafield ind1="4" ind2="0" tag="856">
      <subfield code="3">NetLibrary</subfield>
      <subfield code="u">http://www.netlibrary.com/urlapi.asp?action=summary&amp;v=1&amp;bookid=281825</subfield>
    </datafield>
    <datafield ind1="4" ind2="0" tag="856">
      <subfield code="3">CRCnetBASE</subfield>
      <subfield code="u">http://www.crcnetbase.com/doi/book/10.1201/9780203875438</subfield>
    </datafield>
    <datafield ind1="4" ind2="0" tag="856">
      <subfield code="3">MyiLibrary</subfield>
      <subfield code="u">http://www.myilibrary.com?id=211103</subfield>
    </datafield>
    <datafield ind1=" " ind2=" " tag="938">
      <subfield code="a">Coutts Information Services</subfield>
      <subfield code="b">COUT</subfield>
      <subfield code="n">10561008</subfield>
    </datafield>
    <datafield ind1=" " ind2=" " tag="938">
      <subfield code="a">YBP Library Services</subfield>
      <subfield code="b">YANK</subfield>
      <subfield code="n">3052375</subfield>
    </datafield>
    <datafield ind1="1" ind2=" " tag="029">
      <subfield code="a">CDX</subfield>
      <subfield code="b">10561008</subfield>
    </datafield>
  </record>
</recordData>
</record>