
<record>
<recordSchema>info:srw/schema/1/marcxml</recordSchema>
<recordPacking>xml</recordPacking>
<recordData>
<record xmlns="http://www.loc.gov/MARC21/slim">
    <leader>00000cam a2200000Mi 4500</leader>
    <controlfield tag="001">636383267</controlfield>
    <controlfield tag="008">091106s2006    njua     b    001 0 eng d</controlfield>
    <datafield ind1=" " ind2=" " tag="010">
      <subfield code="a">  2005033068</subfield>
    </datafield>
    <datafield ind1=" " ind2=" " tag="040">
      <subfield code="a">SzZUIDS</subfield>
      <subfield code="b">ger</subfield>
      <subfield code="c">CHVBK</subfield>
      <subfield code="d">OCLCQ</subfield>
    </datafield>
    <datafield ind1=" " ind2=" " tag="020">
      <subfield code="a">1588295214 (alk. paper)</subfield>
    </datafield>
    <datafield ind1=" " ind2=" " tag="020">
      <subfield code="a">9781588295217 (alk. paper)</subfield>
    </datafield>
    <datafield ind1=" " ind2=" " tag="020">
      <subfield code="a">1597450960</subfield>
    </datafield>
    <datafield ind1=" " ind2=" " tag="020">
      <subfield code="a">9781597450966</subfield>
    </datafield>
    <datafield ind1="7" ind2=" " tag="024">
      <subfield code="a">10.1007/978-1-59745-096-6</subfield>
      <subfield code="2">doi</subfield>
    </datafield>
    <datafield ind1=" " ind2=" " tag="050">
      <subfield code="a">RC685.C6</subfield>
      <subfield code="b">P675 2006</subfield>
    </datafield>
    <datafield ind1=" " ind2=" " tag="060">
      <subfield code="a">WG 300</subfield>
      <subfield code="b">P9457 2006</subfield>
    </datafield>
    <datafield ind1="0" ind2=" " tag="082">
      <subfield code="a">616.1/23</subfield>
    </datafield>
    <datafield ind1="0" ind2="0" tag="245">
      <subfield code="a">Preventive cardiology :</subfield>
      <subfield code="b">insights into the prevention and treatment of cardiovascular disease /</subfield>
      <subfield code="c">ed. by JoAnne Micale Foody.</subfield>
    </datafield>
    <datafield ind1=" " ind2=" " tag="250">
      <subfield code="a">2nd ed.</subfield>
    </datafield>
    <datafield ind1=" " ind2=" " tag="260">
      <subfield code="a">Totowa, N.J :</subfield>
    </datafield>
    <datafield ind1=" " ind2=" " tag="260">
      <subfield code="a">Totowa, N.J :</subfield>
      <subfield code="b">Humana Press,</subfield>
      <subfield code="c">2006.</subfield>
    </datafield>
    <datafield ind1=" " ind2=" " tag="300">
      <subfield code="a">346 S :</subfield>
      <subfield code="b">ill.</subfield>
    </datafield>
    <datafield ind1="0" ind2=" " tag="490">
      <subfield code="a">Contemporary cardiology</subfield>
    </datafield>
    <datafield ind1=" " ind2=" " tag="504">
      <subfield code="a">Includes bibliographical references and index.</subfield>
    </datafield>
    <datafield ind1=" " ind2="7" tag="650">
      <subfield code="a">Kardiovaskuläre Krankheit.</subfield>
      <subfield code="2">idszbz</subfield>
    </datafield>
    <datafield ind1=" " ind2="7" tag="650">
      <subfield code="a">Koronarsklerose.</subfield>
      <subfield code="2">idszbz</subfield>
    </datafield>
    <datafield ind1=" " ind2="7" tag="650">
      <subfield code="a">Prävention.</subfield>
      <subfield code="2">idszbz</subfield>
    </datafield>
    <datafield ind1=" " ind2="7" tag="650">
      <subfield code="a">Risikofaktor.</subfield>
      <subfield code="2">idszbz</subfield>
    </datafield>
    <datafield ind1=" " ind2="0" tag="650">
      <subfield code="a">Cardiology.</subfield>
    </datafield>
    <datafield ind1=" " ind2="0" tag="650">
      <subfield code="a">Coronary heart disease</subfield>
      <subfield code="x">Pathophysiology.</subfield>
    </datafield>
    <datafield ind1=" " ind2="0" tag="650">
      <subfield code="a">Coronary heart disease</subfield>
      <subfield code="x">Prevention.</subfield>
    </datafield>
    <datafield ind1=" " ind2="0" tag="650">
      <subfield code="a">Coronary heart disease</subfield>
      <subfield code="x">Risk factors.</subfield>
    </datafield>
    <datafield ind1=" " ind2="2" tag="650">
      <subfield code="a">Corpus Luteum Maintenance</subfield>
      <subfield code="x">ethics.</subfield>
    </datafield>
    <datafield ind1=" " ind2="2" tag="650">
      <subfield code="a">Luteolysis.</subfield>
    </datafield>
    <datafield ind1=" " ind2="2" tag="650">
      <subfield code="a">Luteolysis</subfield>
      <subfield code="x">metabolism.</subfield>
      <subfield code="a">Luteolysis</subfield>
      <subfield code="x">metabolism.</subfield>
    </datafield>
    <datafield ind1=" " ind2="2" tag="650">
      <subfield code="a">RNA, Transfer</subfield>
      <subfield code="x">therapeutic use.</subfield>
    </datafield>
    <datafield ind1=" " ind2=" " tag="653">
      <subfield code="a">BLUT-, HERZ- UND KREISLAUFKRANKHEITEN (PATHOLOGIE)</subfield>
    </datafield>
    <datafield ind1=" " ind2=" " tag="653">
      <subfield code="a">PROPHYLAXE, PRÄVENTIVMEDIZIN, VORBEUGENDE MASSNAHMEN (HUMANMEDIZIN)</subfield>
    </datafield>
    <datafield ind1=" " ind2=" " tag="653">
      <subfield code="a">RISIKOEINSCHÄTZUNG/GESUNDHEITSRISIKEN</subfield>
    </datafield>
    <datafield ind1=" " ind2=" " tag="653">
      <subfield code="a">AUFSATZSAMMLUNGEN (DOKUMENTENTYP)</subfield>
    </datafield>
    <datafield ind1=" " ind2=" " tag="653">
      <subfield code="a">BLOOD DISEASES, HEART DISEASES, CIRCULATORY DISEASES (PATHOLOGY)</subfield>
    </datafield>
    <datafield ind1=" " ind2=" " tag="653">
      <subfield code="a">MALADIES CARDIO-VASCULAIRES (PATHOLOGIE)</subfield>
    </datafield>
    <datafield ind1=" " ind2=" " tag="653">
      <subfield code="a">PRÉVENTION + MÉDECINE PRÉVENTIVE (MÉDECINE HUMAINE)</subfield>
    </datafield>
    <datafield ind1=" " ind2=" " tag="653">
      <subfield code="a">PREVENTIVE MEDICINE + PREVENTIVE MEDICAL TREATMENT + MEDICAL PROPHYLAXIS (HUMAN MEDICINE)</subfield>
    </datafield>
    <datafield ind1=" " ind2=" " tag="653">
      <subfield code="a">RISK ASSESSMENT/HEALTH RISKS</subfield>
    </datafield>
    <datafield ind1=" " ind2=" " tag="653">
      <subfield code="a">ÉVALUATION DES RISQUES POUR LA SANTÉ</subfield>
    </datafield>
    <datafield ind1=" " ind2=" " tag="653">
      <subfield code="a">COLLECTIONS OF ESSAYS (TYPE OF DOCUMENT)</subfield>
    </datafield>
    <datafield ind1=" " ind2=" " tag="653">
      <subfield code="a">COLLECTIONS D'ARTICLES ET D'ESSAIS (TYPE DE DOCUMENT)</subfield>
    </datafield>
    <datafield ind1=" " ind2="7" tag="655">
      <subfield code="a">Aufsatzsammlung.</subfield>
      <subfield code="2">idszbz</subfield>
    </datafield>
    <datafield ind1="1" ind2=" " tag="700">
      <subfield code="a">Foody, JoAnne Micale.</subfield>
    </datafield>
    <datafield ind1="4" ind2=" " tag="856">
      <subfield code="u">http://sfx.ethz.ch/sfx_locater?sid=ALEPH:EBI01&amp;genre=book&amp;isbn=978-1-58829-521-7&amp;id=doi:10.1007/978-1-59745-096-6</subfield>
      <subfield code="z">Online via SFX</subfield>
      <subfield code="3">Volltext</subfield>
    </datafield>
    <datafield ind1="0" ind2=" " tag="029">
      <subfield code="a">CHVBK</subfield>
      <subfield code="b">114365245</subfield>
    </datafield>
  </record>
</recordData>
</record>