
<record>
<recordSchema>info:srw/schema/1/marcxml</recordSchema>
<recordPacking>xml</recordPacking>
<recordData>
<record xmlns="http://www.loc.gov/MARC21/slim">
    <leader>00000cam a2200000Ka 4500</leader>
    <controlfield tag="001">681908642</controlfield>
    <controlfield tag="006">m        d        </controlfield>
    <controlfield tag="007">cr cn|||||||||</controlfield>
    <controlfield tag="008">101118s2000    nyu     sb    001 0 eng d</controlfield>
    <controlfield tag="009">56298</controlfield>
    <datafield ind1=" " ind2=" " tag="040">
      <subfield code="a">UKPGM</subfield>
      <subfield code="b">eng</subfield>
      <subfield code="c">UKPGM</subfield>
    </datafield>
    <datafield ind1=" " ind2=" " tag="020">
      <subfield code="a">9780230286269 (electronic bk.)</subfield>
    </datafield>
    <datafield ind1=" " ind2=" " tag="020">
      <subfield code="a">0230286267 (electronic bk.)</subfield>
    </datafield>
    <datafield ind1=" " ind2=" " tag="037">
      <subfield code="a">495500</subfield>
      <subfield code="b">Palgrave Macmillan</subfield>
      <subfield code="n">http://www.palgraveconnect.com</subfield>
    </datafield>
    <datafield ind1="1" ind2="4" tag="050">
      <subfield code="a">GE42</subfield>
      <subfield code="b">.R69 2000</subfield>
    </datafield>
    <datafield ind1="0" ind2="4" tag="082">
      <subfield code="a">179/.1</subfield>
      <subfield code="2">22</subfield>
    </datafield>
    <datafield ind1="1" ind2=" " tag="100">
      <subfield code="a">Rowlands, Mark.</subfield>
    </datafield>
    <datafield ind1="1" ind2="4" tag="245">
      <subfield code="a">The environmental crisis</subfield>
      <subfield code="h">[electronic resource] :</subfield>
      <subfield code="b">understanding the value of nature /</subfield>
      <subfield code="c">Mark Rowlands.</subfield>
    </datafield>
    <datafield ind1=" " ind2=" " tag="260">
      <subfield code="a">New York :</subfield>
      <subfield code="b">St. Martin's Press,</subfield>
      <subfield code="c">2000.</subfield>
    </datafield>
    <datafield ind1=" " ind2=" " tag="300">
      <subfield code="a">x, 191 p. ;</subfield>
      <subfield code="c">23 cm.</subfield>
    </datafield>
    <datafield ind1=" " ind2=" " tag="533">
      <subfield code="a">Electronic reproduction.</subfield>
      <subfield code="b">Basingstoke, England :</subfield>
      <subfield code="a">Electronic reproduction.</subfield>
      <subfield code="b">Basingstoke, England :</subfield>
      <subfield code="c">Palgrave Macmillan,</subfield>
      <subfield code="d">2010.</subfield>
      <subfield code="n">Mode of access: World Wide Web.</subfield>
      <subfield code="n">System requirements: Web browser.</subfield>
      <subfield code="n">Title from title screen (viewed on Nov. 9, 2010).</subfield>
      <subfield code="n">Access may be restricted to users at subscribing institutions.</subfield>
    </datafield>
    <datafield ind1=" " ind2=" " tag="520">
      <subfield code="a">Venomous Earth is the compelling story of the worst chemical disaster in human history - unfolding now. It explores the geology, politics and biology of why tens thousands of people are dying, hundreds of thousands developing cancer and tens of millions of people are at risk in Bangladesh, India and beyond, from arsenic-contaminated well water. Andrew Meharg compares this scenario with that in other arsenic-rich zones of the world where drinking water is tainted, such as extensive areas of South Western USA, the Alto Plano of South America and New Zealand's volcanic regions. He details historical precedents spanning thousands of years in mining and smelting communities, and due to the widespread use of arsenic in alchemy, farming, medicine and manufacturing. His tale takes in William Morris, Paracelsus, Nero and a cosmetic that killed two popes. Finally Venomous Earth looks at how the current arsenic crisis is to be tackled and highlights new challenges to our ongoing struggle with the toxic element.</subfield>
    </datafield>
    <datafield ind1="0" ind2=" " tag="505">
      <subfield code="a">The Devil's Water -- A Natural Disaster -- Fool's Gold -- The Verdant Assassin -- Healing Arsenic -- To Frustrate The Aim Of Justice -- Nothing Green Met The Eye -- The Extraordinarily Protracted Process -- Fighting Arsenic.</subfield>
    </datafield>
    <datafield ind1=" " ind2=" " tag="504">
      <subfield code="a">Includes bibliographical references (p. 179-188) and index.</subfield>
    </datafield>
    <datafield ind1=" " ind2="0" tag="650">
      <subfield code="a">Environmental ethics.</subfield>
    </datafield>
    <datafield ind1=" " ind2="0" tag="650">
      <subfield code="a">Value.</subfield>
    </datafield>
    <datafield ind1=" " ind2="7" tag="655">
      <subfield code="a">Electronic books.</subfield>
      <subfield code="2">local</subfield>
    </datafield>
    <datafield ind1="0" ind2="8" tag="776">
      <subfield code="i">Print version:</subfield>
      <subfield code="a">Rowlands, Mark.</subfield>
      <subfield code="t">Environmental crisis.</subfield>
      <subfield code="d">New York : St. Martin's Press, 2000</subfield>
      <subfield code="z">0312232357</subfield>
      <subfield code="w">(DLC)   99059239</subfield>
      <subfield code="w">(OCoLC)42960541</subfield>
    </datafield>
    <datafield ind1="2" ind2=" " tag="710">
      <subfield code="a">Palgrave Connect (Online service)</subfield>
    </datafield>
    <datafield ind1="4" ind2="0" tag="856">
      <subfield code="3">Palgrave Connect</subfield>
      <subfield code="u">http://www.palgraveconnect.com/doifinder/10.1057/9780230286269</subfield>
      <subfield code="z">An electronic book accessible through the World Wide Web; click for information</subfield>
    </datafield>
    <datafield ind1="4" ind2="2" tag="856">
      <subfield code="3">Contributor biographical information</subfield>
      <subfield code="u">http://catdir.loc.gov/catdir/bios/hol057/99059239.html</subfield>
    </datafield>
    <datafield ind1="4" ind2="2" tag="856">
    </datafield>
    <datafield ind1="4" ind2="2" tag="856">
      <subfield code="3">Publisher description</subfield>
      <subfield code="u">http://catdir.loc.gov/catdir/description/hol057/99059239.html</subfield>
    </datafield>
    <datafield ind1="4" ind2="1" tag="856">
      <subfield code="3">Table of contents</subfield>
      <subfield code="u">http://catdir.loc.gov/catdir/toc/hol053/99059239.html</subfield>
    </datafield>
  </record>
</recordData>
</record>