
<record>
<recordSchema>info:srw/schema/1/marcxml</recordSchema>
<recordPacking>xml</recordPacking>
<recordData>
<record xmlns="http://www.loc.gov/MARC21/slim">
    <leader>00000nmm a22000003u 4500</leader>
    <controlfield tag="001">680435658</controlfield>
    <controlfield tag="008">110204nuuuuuuuuxx         u        und d</controlfield>
    <datafield ind1="8" ind2=" " tag="024">
      <subfield code="a">Rogers, W.A., 2004. Evidence-based medicine and women: Do the principles and practice of EBM further women's health?. Bioethics, 18(1), 50-71.</subfield>
    </datafield>
    <datafield ind1="8" ind2=" " tag="024">
      <subfield code="a">0269-9702</subfield>
    </datafield>
    <datafield ind1="8" ind2=" " tag="024">
      <subfield code="a">2004053613</subfield>
    </datafield>
    <datafield ind1="8" ind2=" " tag="024">
      <subfield code="a">doi:10.1111/j.1467-8519.2004.00378.x</subfield>
    </datafield>
    <datafield ind1="0" ind2=" " tag="029">
      <subfield code="a">LF0</subfield>
      <subfield code="b">oai:dspace.flinders.edu.au:2328/14863</subfield>
      <subfield code="c">http://dspace.flinders.edu.au/dspace-oai/request hdl_2328_8311</subfield>
      <subfield code="t">DGCNT</subfield>
    </datafield>
    <datafield ind1=" " ind2=" " tag="040">
      <subfield code="a">LF0</subfield>
      <subfield code="c">LF0</subfield>
    </datafield>
    <datafield ind1=" " ind2=" " tag="042">
      <subfield code="a">dc</subfield>
    </datafield>
    <datafield ind1="0" ind2="0" tag="245">
      <subfield code="a">Evidence-based medicine and women: Do the principles and practice of EBM further women's health?</subfield>
      <subfield code="h">[electronic resource].</subfield>
    </datafield>
    <datafield ind1="8" ind2=" " tag="520">
      <subfield code="a">108 COWLEY RD, OXFORD, ENGLAND, OXON, OX4 1JF</subfield>
    </datafield>
    <datafield ind1=" " ind2=" " tag="653">
      <subfield code="a">2201 Applied Ethics</subfield>
    </datafield>
    <datafield ind1=" " ind2=" " tag="653">
      <subfield code="a">2203 Philosophy</subfield>
    </datafield>
    <datafield ind1=" " ind2=" " tag="653">
    </datafield>
    <datafield ind1=" " ind2=" " tag="653">
      <subfield code="a">2204 Religion and Religious Studies</subfield>
    </datafield>
    <datafield ind1=" " ind2="4" tag="655">
      <subfield code="a">Article</subfield>
    </datafield>
    <datafield ind1=" " ind2=" " tag="720">
      <subfield code="a">Rogers, Wendy Anne</subfield>
      <subfield code="4">cre</subfield>
    </datafield>
    <datafield ind1="4" ind2="0" tag="856">
      <subfield code="u">http://hdl.handle.net/2328/14863</subfield>
      <subfield code="3">Item Resolution URL</subfield>
      <subfield code="x">This 856 field was generated using the WorldCat Digital Collection Gateway</subfield>
      <subfield code="y">View online</subfield>
      <subfield code="i">Put this Resolution URL in a web browser to view this item.</subfield>
    </datafield>
    <datafield ind1=" " ind2=" " tag="902">
      <subfield code="g">FLINDERS UNIV LIBR</subfield>
    </datafield>
    <datafield ind1=" " ind2=" " tag="949">
      <subfield code="x">i</subfield>
    </datafield>
  </record>
</recordData>
</record>