
<record>
<recordSchema>info:srw/schema/1/marcxml</recordSchema>
<recordPacking>xml</recordPacking>
<recordData>
<record xmlns="http://www.loc.gov/MARC21/slim">
    <leader>00000cam a2200000Mi 4500</leader>
    <controlfield tag="001">319064490</controlfield>
    <controlfield tag="006">m    e   d        </controlfield>
    <controlfield tag="007">cr bn|---auuuu</controlfield>
    <controlfield tag="008">071103s2007    nyu     o     001 0 eng d</controlfield>
    <controlfield tag="009">41004</controlfield>
    <datafield ind1=" " ind2=" " tag="040">
      <subfield code="a">MEAUC</subfield>
      <subfield code="c">MEAUC</subfield>
      <subfield code="d">OCLCQ</subfield>
    </datafield>
    <datafield ind1=" " ind2=" " tag="020">
      <subfield code="a">9780195325461</subfield>
    </datafield>
    <datafield ind1=" " ind2=" " tag="020">
      <subfield code="a">019532546X</subfield>
    </datafield>
    <datafield ind1="1" ind2=" " tag="100">
      <subfield code="a">Shrader-Frechette, Kristin.</subfield>
    </datafield>
    <datafield ind1="1" ind2="0" tag="245">
      <subfield code="a">Taking Action, Saving Lives</subfield>
      <subfield code="h">[electronic resource] :</subfield>
      <subfield code="b">Our Duties to Protect Environmental and Public Health.</subfield>
    </datafield>
    <datafield ind1=" " ind2=" " tag="260">
      <subfield code="a">New York :</subfield>
      <subfield code="b">Oxford University Press,</subfield>
      <subfield code="c">2007.</subfield>
    </datafield>
    <datafield ind1=" " ind2=" " tag="300">
      <subfield code="a">256 p.</subfield>
    </datafield>
    <datafield ind1=" " ind2=" " tag="533">
      <subfield code="a">Electronic reproduction.</subfield>
      <subfield code="b">Oxford :</subfield>
      <subfield code="c">Oxford University Press,</subfield>
      <subfield code="d">2004.</subfield>
      <subfield code="f">(Oxford scholarship online).</subfield>
      <subfield code="n">Mode of access: World Wide Web. System requirements: Internet Explorer 5.5 (or higher) or Netscape Navigator 6.1 (or higher).</subfield>
      <subfield code="n">Available as searchable text in HTML format.</subfield>
      <subfield code="n">Access restricted to subscribing institutions.</subfield>
      <subfield code="n">Access restricted to subscribing institutions.</subfield>
    </datafield>
    <datafield ind1=" " ind2="0" tag="650">
      <subfield code="a">Environmental health</subfield>
      <subfield code="x">Moral and ethical aspects.</subfield>
    </datafield>
    <datafield ind1=" " ind2="2" tag="650">
      <subfield code="a">Environmental Health.</subfield>
    </datafield>
    <datafield ind1=" " ind2="2" tag="650">
      <subfield code="a">Public Health.</subfield>
    </datafield>
    <datafield ind1=" " ind2="2" tag="650">
      <subfield code="a">Ethics, Medical.</subfield>
    </datafield>
    <datafield ind1=" " ind2="7" tag="650">
      <subfield code="a">Electronic books.</subfield>
      <subfield code="2">local</subfield>
    </datafield>
    <datafield ind1="2" ind2=" " tag="710">
      <subfield code="a">Oxford University Press.</subfield>
    </datafield>
    <datafield ind1=" " ind2="0" tag="830">
      <subfield code="a">Oxford scholarship online.</subfield>
    </datafield>
    <datafield ind1="4" ind2="0" tag="856">
      <subfield code="z">Access electronic book. Restricted to AUC students, faculty and staff.</subfield>
      <subfield code="u">http://dx.doi.org/10.1093/acprof:oso/9780195325461.001.0001</subfield>
    </datafield>
  </record>
</recordData>
</record>