
<record>
<recordSchema>info:srw/schema/1/marcxml</recordSchema>
<recordPacking>xml</recordPacking>
<recordData>
<record xmlns="http://www.loc.gov/MARC21/slim">
    <leader>00000caa a2200000Mi 4500</leader>
    <controlfield tag="001">441838450</controlfield>
    <controlfield tag="008">070509s2006    xxk           000 0 eng d</controlfield>
    <controlfield tag="009">56664</controlfield>
    <datafield ind1=" " ind2=" " tag="040">
      <subfield code="a">IBMI</subfield>
      <subfield code="e">ppiak</subfield>
      <subfield code="b">slv</subfield>
      <subfield code="c">SILIS</subfield>
    </datafield>
    <datafield ind1="0" ind2=" " tag="029">
      <subfield code="a">SILIS</subfield>
      <subfield code="b">22595289</subfield>
    </datafield>
    <datafield ind1=" " ind2=" " tag="044">
      <subfield code="a">xxk</subfield>
      <subfield code="c">gbr</subfield>
    </datafield>
    <datafield ind1=" " ind2=" " tag="080">
      <subfield code="a">614</subfield>
    </datafield>
    <datafield ind1="1" ind2=" " tag="100">
      <subfield code="a">Sokol, Daniel.</subfield>
      <subfield code="4">aut</subfield>
    </datafield>
    <datafield ind1="0" ind2="0" tag="245">
      <subfield code="a">Patient confidentiality and telephone consultations :</subfield>
      <subfield code="b">time for a password /</subfield>
      <subfield code="c">D.K. Sokol and J. Car.</subfield>
    </datafield>
    <datafield ind1=" " ind2=" " tag="300">
      <subfield code="a">str. 688-689.</subfield>
    </datafield>
    <datafield ind1=" " ind2=" " tag="500">
      <subfield code="a">BSDOCID128779.</subfield>
    </datafield>
    <datafield ind1=" " ind2=" " tag="520">
      <subfield code="a">Although telephone consultations are widely used in the delivery of healthcare, they are vulnerable to breaches of patient confidentiality. Current guidelines on telephone consultations do not address adequately the issue of confidentiality. In this paper, we propose a solution to the PROBLEM:a password system to control access to patient information. Authorisedpersons will be offered the option of selecting a password which they will use to validate their request for information over the telephone. This simple yet stringent method of access control should improve security while allowing the continuing evolution of telephone consultations.</subfield>
    </datafield>
    <datafield ind1="0" ind2="2" tag="650">
      <subfield code="a">Ethics, Medical.</subfield>
    </datafield>
    <datafield ind1="0" ind2="2" tag="650">
      <subfield code="a">Confidentiality.</subfield>
    </datafield>
    <datafield ind1="0" ind2="2" tag="650">
      <subfield code="a">Consultants.</subfield>
    </datafield>
    <datafield ind1="0" ind2="2" tag="650">
      <subfield code="a">Telephone.</subfield>
    </datafield>
    <datafield ind1="0" ind2="7" tag="650">
      <subfield code="a">Etika medicinska.</subfield>
    </datafield>
    <datafield ind1="0" ind2="7" tag="650">
      <subfield code="a">Etika medicinska.</subfield>
      <subfield code="2">mesh/slv</subfield>
    </datafield>
    <datafield ind1="0" ind2="7" tag="650">
      <subfield code="a">Konzultanti.</subfield>
      <subfield code="2">mesh/slv</subfield>
    </datafield>
    <datafield ind1="0" ind2="7" tag="650">
      <subfield code="a">Telefon.</subfield>
      <subfield code="2">mesh/slv</subfield>
    </datafield>
    <datafield ind1="0" ind2="7" tag="650">
      <subfield code="a">Zaupnost.</subfield>
      <subfield code="2">mesh/slv</subfield>
    </datafield>
    <datafield ind1="1" ind2="2" tag="700">
      <subfield code="a">Car, Josip.</subfield>
      <subfield code="4">aut</subfield>
    </datafield>
    <datafield ind1="0" ind2=" " tag="773">
      <subfield code="t">Journal of medical ethics</subfield>
      <subfield code="d">London : British Medical Assoc.</subfield>
      <subfield code="x">0306-6800</subfield>
      <subfield code="g">Letn. 32, št. 12 (2006), str. 688-689</subfield>
    </datafield>
    <datafield ind1=" " ind2="0" tag="856">
      <subfield code="u">doi:10.1136/jme.2005.014415</subfield>
    </datafield>
  </record>
</recordData>
</record>
</records>
<nextRecordPosition>1001</nextRecordPosition>
<resultSetIdleTime/>
<echoedSearchRetrieveRequest xmlns:srw="http://www.loc.gov/zing/srw/">
<version>1.1</version>
<query>((((srw.su="medical" OR srw.kw="medicine") AND srw.su="ethics") OR srw.su="bioethics" OR (srw.su="assisted" AND srw.su="death") OR (srw.su="assisted" AND srw.su="suicide") OR (srw.su="organ" AND srw.su="trafficking") OR (srw.su="sale" AND srw.su="organs" AND srw.su="tissues") OR ((srw.su="ethics" OR srw.su="ethical") AND (srw.su="abortion" OR (srw.su="advance" AND srw.su="directives") OR (srw.su="animal" AND srw.su="industry") OR (srw.su="animal" AND srw.su="research") OR (srw.su="animal" AND srw.su="rights") OR (srw.su="animal" AND srw.su="welfare") OR srw.su="biodiversity" OR (srw.su="biomedical" AND srw.su="engineering") OR srw.su="biotechnology" OR srw.su="biopolitics" OR srw.su="brain" OR srw.su="cancer" OR srw.su="cloning" OR (srw.su="communicable" AND srw.su="diseases") OR srw.su="dignity" OR srw.su="disabilities" OR (srw.su="disease" AND srw.su="outbreaks") OR (srw.su="disease" AND srw.su="transmission") OR srw.su="embryo" OR srw.su="embryonic" OR srw.su="environment" OR srw.su="epidemics" OR srw.su="eugenics" OR srw.su="euthanasia" OR (srw.su="evolutionary" AND srw.su="ethics") OR (srw.su="genetic" AND srw.su="disorders") OR (srw.su="genetic" AND srw.su="engineering") OR srw.su="genetics" OR (srw.su="green" AND srw.su="movement") OR (srw.su="health" AND srw.su="policy") OR (srw.su="human" AND srw.su="abnormalities") OR (srw.su="human" AND srw.su="cloning") OR (srw.su="human" AND srw.su="experimentation") OR (srw.su="human" AND srw.su="genome") OR (srw.su="human" AND srw.su="reproductive" AND srw.su="technology") OR (srw.su="human" AND srw.su="rights") OR (srw.su="informed" AND srw.su="consent") OR (srw.su="medical" AND srw.su="care") OR (srw.su="medical" AND srw.su="genetics") OR (srw.su="medical" AND srw.su="innovations") OR (srw.su="medical" AND srw.su="laws" AND srw.su="legislation") OR (srw.su="medical" AND srw.su="philosophy") OR (srw.su="medical" AND srw.su="policy") OR (srw.su="medical" AND srw.su="technology") OR srw.su="medicine" OR srw.su="neuroscience" OR srw.su="nursing" OR srw.su="pandemic" OR (srw.su="patient" AND srw.su="advocacy") OR (srw.su="patient" AND srw.su="rights") OR (srw.su="pharmaceutical" AND srw.su="industry") OR (srw.su="Philosophy" AND srw.su="medical") OR srw.su="prenatal" OR (srw.su="priority" AND srw.su="setting") OR (srw.su="public" AND srw.su="health") OR srw.su="relativism" OR srw.su="reproduction" OR (srw.su="reproductive" AND srw.su="health") OR (srw.su="resuscitation" AND srw.su="orders") OR (srw.su="Right" AND srw.su="life") OR (srw.su="stem" AND srw.su="cell") OR (srw.su="technology" AND srw.su="medical") OR srw.su="tissue" OR srw.su="transplant" OR srw.su="transplantation" OR (srw.su="women" AND srw.su="health") OR (srw.su="world" AND srw.su="health")))) NOT srw.su="fiction") NOT srw.mt="juv" AND srw.mt="web"</query>
<maximumRecords>50</maximumRecords>
<recordPacking>xml</recordPacking>
<startRecord>951</startRecord>
<sortKeys>relevance</sortKeys>
<wskey>qgLg3Q48QbEfzMSZHVrurEjx7GNsurp12HOhiEnUJq9o1dmk1UBxxa2DmyoiKA9DNEoRmCx7p9gLTE03</wskey>
<servicelevel>full</servicelevel>
</echoedSearchRetrieveRequest>
</searchRetrieveResponse>
